<?xml version="1.0" encoding="UTF-8"?><collection xmlns="http://www.loc.gov/MARC21/slim"><record><leader>00354nam--2200109-i-4500</leader><controlfield tag="001">000018435</controlfield><controlfield tag="002">20161230</controlfield><controlfield tag="005">20161230201032</controlfield><controlfield tag="008">060222s1000------------r-----000-0-eng-d</controlfield><datafield ind1=" " ind2=" " tag="245"><subfield code="a">Conference sur l electronique nucleaire. belgrade, 15-20 mai 1961.resumes des memoires</subfield></datafield><datafield ind1=" " ind2=" " tag="260"><subfield code="a">Vienne, Agence International De L Energie Atomique, 1961. 231 P</subfield></datafield><datafield ind1=" " ind2=" " tag="852"><subfield code="a">16640</subfield></datafield></record></collection>